<record><leader>00000cas a22000007a 4500</leader><controlfield tag="001">16964275</controlfield><controlfield tag="008">871111d18841902iaucr ne      0    0eng d</controlfield><datafield ind1=" " ind2=" " tag="010"><subfield code="a">sn 87057058 </subfield></datafield><datafield ind1=" " ind2=" " tag="040"><subfield code="a">INP</subfield><subfield code="b">eng</subfield><subfield code="c">INP</subfield><subfield code="d">OCLCQ</subfield></datafield><datafield ind1=" " ind2=" " tag="042"><subfield code="a">msc</subfield></datafield><datafield ind1="0" ind2="4" tag="245"><subfield code="a">The Lemars globe.</subfield></datafield><datafield ind1="3" ind2="0" tag="246"><subfield code="a">Le Mars globe</subfield></datafield><datafield ind1=" " ind2=" " tag="260"><subfield code="a">Le Mars, Iowa :</subfield><subfield code="b">[s.n.]</subfield></datafield><datafield ind1=" " ind2=" " tag="300"><subfield code="a">v.</subfield></datafield><datafield ind1=" " ind2=" " tag="310"><subfield code="a">Semiweekly</subfield></datafield><datafield ind1="1" ind2=" " tag="362"><subfield code="a">Began Oct. 2, 1884; ceased in 1902?</subfield></datafield><datafield ind1=" " ind2=" " tag="500"><subfield code="a">Published as: The Le Mars globe, &lt;Jan. 4, 1899&gt;.</subfield></datafield><datafield ind1=" " ind2=" " tag="500"><subfield code="a">Publisher varies.</subfield></datafield><datafield ind1=" " ind2=" " tag="515"><subfield code="a">Issues for &lt;June 24, 1887-Dec. 29, 1900&gt; called &lt;vol. 3, no. 332-78-v. 17, no. 1664-26&gt;.</subfield></datafield><datafield ind1=" " ind2=" " tag="588"><subfield code="a">Description based on: Vol. 3, no. 332-78 (June 24, 1887).</subfield></datafield><datafield ind1=" " ind2=" " tag="752"><subfield code="a">United States</subfield><subfield code="b">Iowa</subfield><subfield code="c">Plymouth</subfield><subfield code="d">Le Mars.</subfield></datafield><datafield ind1="0" ind2="7" tag="785"><subfield code="t">Mars semi-weekly post</subfield><subfield code="w">(DLC)sn 87057060</subfield></datafield><datafield ind1="0" ind2="7" tag="785"><subfield code="t">LeMars globe-post</subfield><subfield code="w">(DLC)sn 87057061</subfield></datafield></record>